@misc{ibm,
  title={What is Docker?},
  url={https://www.ibm.com/topics/docker},
  journal={IBM},
  author={IBM}
}

@misc{Ferquel_2019,
    title={Docker \<3 WSL 2: the future of docker desktop for windows},
    url={https://www.docker.com/blog/docker-hearts-wsl-2/},
    author={Ferquel, Simon},
    year={2019},
    month={Jun}
} 

@misc{docker_run,
    title={Reference: docker run},
    url={https://docs.docker.com/engine/reference/commandline/run/},
    author={Docker},
    year={2023},
    month={November},
} 

@misc{docker_mounttypes,
    title={Reference: Manage data in Docker},
    url={https://docs.docker.com/storage/},
    author={Docker},
    year={2023},
    month={November},
} 

@misc{docker_rmi,
    title={Reference: docker rmi},
    url={https://docs.docker.com/engine/reference/commandline/rmi/},
    author={Docker},
    year={2023},
    month={November},
} 

@misc{docker_system_prune,
    title={Reference: docker system prune},
    url={https://docs.docker.com/engine/reference/commandline/system_prune/},
    author={Docker},
    year={2023},
    month={November},
} 